<record><leader>00000cas a22000007a 4500</leader><controlfield tag="001">17913840</controlfield><controlfield tag="008">880506d19561958nyuwr ne      0    0eng d</controlfield><datafield ind1=" " ind2=" " tag="010"><subfield code="a">sn 88075700 </subfield></datafield><datafield ind1=" " ind2=" " tag="040"><subfield code="a">NYG</subfield><subfield code="b">eng</subfield><subfield code="c">NYG</subfield><subfield code="d">NYS</subfield><subfield code="d">OCLCQ</subfield></datafield><datafield ind1=" " ind2=" " tag="042"><subfield code="a">msc</subfield></datafield><datafield ind1="0" ind2=" " tag="130"><subfield code="a">Rockland independent (Suffern, N.Y. : 1956)</subfield></datafield><datafield ind1="1" ind2="4" tag="245"><subfield code="a">The Rockland independent.</subfield></datafield><datafield ind1=" " ind2=" " tag="260"><subfield code="a">Suffern, N.Y. :</subfield><subfield code="b">Ramapo Valley Print. Co.,</subfield><subfield code="c">1956-1958.</subfield></datafield><datafield ind1=" " ind2=" " tag="300"><subfield code="a">3 v. :</subfield><subfield code="b">ill.</subfield></datafield><datafield ind1=" " ind2=" " tag="310"><subfield code="a">Weekly</subfield></datafield><datafield ind1="0" ind2=" " tag="362"><subfield code="a">Vol. 62, no. 31 (June 28, 1956)-v. 64, no. 32 (Aug. 7, 1958).</subfield></datafield><datafield ind1=" " ind2=" " tag="500"><subfield code="a">Publisher: Rockland Independent Inc., &lt;1958&gt;.</subfield></datafield><datafield ind1=" " ind2=" " tag="500"><subfield code="a">Published on Thursday.</subfield></datafield><datafield ind1=" " ind2="4" tag="651"><subfield code="a">Suffern (N.Y.)</subfield><subfield code="v">Newspapers.</subfield></datafield><datafield ind1=" " ind2=" " tag="752"><subfield code="a">United States</subfield><subfield code="b">New York</subfield><subfield code="c">Rockland</subfield><subfield code="d">Suffern.</subfield></datafield><datafield ind1="0" ind2="0" tag="780"><subfield code="t">Ramapo Valley independent</subfield><subfield code="w">(DLC)sn 88075834</subfield><subfield code="w">(OCoLC)18904199</subfield></datafield><datafield ind1="0" ind2="0" tag="785"><subfield code="t">Rockland independent and the Mahwah star</subfield><subfield code="w">(DLC)sn 91066960</subfield><subfield code="w">(OCoLC)24707146</subfield></datafield></record>